@article{Ungless,
    author  = "Ungless RL",
    title   = "An infinite element method, MASc Thesis",
    year    = "1973",
    journal = "University of British Columbia",
    volume  = "11",
    number  = "1",
    pages   = "53--64"
}

@article{Bettess,
    author  = "Bettess P.",
    title   = "Infinite elements",
    year    = "1977",
    journal = "International Journal for Numerical Methods in Engineering",
    volume  = "11",
    number  = "1",
    pages   = "53--64"
}

@article{Engquist,
    author  = "Engquist B. and Majda A.",
    title   = "Absorbing boundary conditions for the numerical simulation of waves",
    year    = "1977",
    journal = "Mathematics of computation",
    volume  = "31",
    number  = "139",
    pages   = "629--651"
}

@article{Semblat,
    author  = "Semblat JF, Lenti L. and Gandomzadeh A.",
    title   = "A simple multi-directional absorbing layer method to simulate elastic wave propagation in unbounded domains",
    year    = "2010",
    journal = "International journal for numerical methods in engineering"
}

@article{Becache,
    author  = "Bécache E., Fauqueux S. and Joly .P ",
    title   = "Stability of perfectly matched layers, group velocities and anisotropic waves",
    year    = "2003",
    journal = "Journal of Computational Physics ",
    volume  = "188",
    number  = "2",
    pages   = "399--443"
}

@article{Berenger,
    author  = "Bérenger J.-P.",
    title   = "A perfectly matched layer for the absorption of electromagnetic waves",
    year    = "1994",
    journal = "Journal of Computational Physics ",
    volume  = "114",
    number  = "2",
    pages   = "185--200"
}

@article{Chew,
    author  = "Chew W.C., Weedon W.H.",
    title   = "A 3D perfectly matched medium from modified Maxwell's equations with stretched coordinates",
    year    = "1994",
    journal = "Microwave and Optical Technology Letters",
    volume  = "7",
    number  = "13",
    pages   = "599--604"
}

@article{Hastings,
    author  = " Hastings F.D., Schneider J.B., Broschat S.L.",
    title   = "Application of the perfectly matched layer (PML) absorbing boundary condition to elastic wave propagation",
    year    = "1996",
    journal = "Journal of the Acoustical Society of America",
    volume  = "14",
    number  = "100",
    pages   = "3061--3069"
}

@article{Qi,
    author  = "Qi Q., Geers T.L.",
    title   = "Evaluation of the perfectly matched layer for computational acoustics",
    year    = "1996",
    journal = "Journal of the Acoustical Society of America",
    volume  = "100",
    number  = "5",
    pages   = "3061--3069"
}


@article{Turkel,
    author  = "Turkel E., Yefet A.",
    title   = "Absorbing PML boundary layers for wave-like equations",
    year    = "1998",
    journal = "Applied Numerical Mathematics",
    volume  = "27",
    number  = "4",
    pages   = "533--557"
}

@article{Harari,
    author  = "Harari I., Slavutin M., Turkel E.",
    title   = "Analytical and numerical studies of a finite element PML for the Helmholtz equation",
    year    = "2000",
    journal = "Journal of Computational Acoustics",
    volume  = "8",
    number  = "1",
    pages   = "121--137"
}

@article{Hu,
    author  = "Hu F.Q.",
    title   = "On absorbing boundary conditions for linearized Euler equations by a perfectly matched layer",
    year    = "1996",
    journal = "Journal of Computational Physics",
    volume  = "129",
    number  = "1",
    pages   = "201--219"
}

@article{Zeng,
    author  = "Zeng Y.Q., He J.Q., Liu Q.H.",
    title   = "The application of the perfectly matched layer in numerical modeling of wave propagation in poroelastic media",
    year    = "2001",
    journal = "Geophysics",
    volume  = "66",
    number  = "4",
    pages   = "1258--1266"
}

@article{ChewLiu,
    author  = "Chew W.C.,  Liu Q.H.",
    title   = "Perfectly matched layers for elastodynamics: A new absorbing boundary condition",
    year    = "1996",
    journal = "Journal of Computational Acoustics",
    volume  = "4",
    number  = "4",
    pages   = "341--359"
}

@article{Abarbanel1,
    author  = "Abarbanel S., Gottlieb D.",
    title   = "A mathematical analysis of the PML method",
    year    = "1997",
    journal = "Journal of Computational Physics",
    volume  = "134",
    number  = "2",
    pages   = "357--363"
}

@article{Abarbanel2,
    author  = "Abarbanel S., Gottlieb D.",
    title   = "On the construction and analysis of absorbing layers in CEM",
    year    = "1998",
    journal = "Applied Numerical Mathematics ",
    volume  = "27",
    number  = "4",
    pages   = "331--340"
}

@article{Abarbanel3,
    author  = "Abarbanel S., Gottlieb D., Hesthaven J.S.",
    title   = "Long time behavior of the perfectly matched layer equations in computational electromagnetics",
    year    = "2002",
    journal = "Journal of Scientific Computing",
    volume  = "17",
    number  = "1-4",
    pages   = "405--422"
}

@article{Liu,
    author  = "Liu Q.H. ",
    title   = "Perfectly matched layers for elastic waves in cylindrical coordinates",
    year    = "1999",
    journal = "Journal of the Acoustical Society of America",
    volume  = "105",
    number  = "4",
    pages   = "2075--2084"
}


@article{Zhang,
    author  = "Zhang Y.-G., Ballmann J. ",
    title   = "Two techniques for the absorption of elastic waves using an artificial transition layer",
    year    = "1997",
    journal = "Wave Motion",
    volume  = "25",
    number  = "1",
    pages   = "15--33"
}


@article{Collino,
    author  = "Collino F., Tsogka C.",
    title   = "Application of the perfectly matched absorbing layer model to the linear elastodynamic problem in anisotropic heterogeneous media",
    year    = "2001",
    journal = "Geophysics",
    volume  = "66",
    number  = "1",
    pages   = "294--307"
}


@article{Becache2,
    author  = "Bécache E., Joly P., Tsogka C.",
    title   = "Fictitious domains, mixed finite elements and perfectly matched layers for 2-D elastic wave propagation",
    year    = "2001",
    journal = "Journal of Computational Acoustics",
    volume  = "9",
    number  = "3",
    pages   = "1175--1201"
}

@article{Wang,
    author  = "Wang T., Tang X.",
    title   = "Finite-difference modeling of elastic wave propagation: a nonsplitting perfectly matched layer approach",
    year    = "2003",
    journal = "Geophysics",
    volume  = "68",
    number  = "5",
    pages   = "1749--1755"
}

@article{Teixeira,
    author  = "Teixeira F.L., Chew W.C.",
    title   = "On causality and dynamic stability of perfectly matched layers for FDTD simulations",
    year    = "1999",
    journal = "IEEE Trans. Microwave Theory Tech.",
    volume  = "47",
    number  = "6",
    pages   = "775--785"
}

@article{Roden,
    author  = "Roden J.A., Gedney S.D.",
    title   = "An efficient FDTD implementation of the PML with CFS in general media",
    year    = "2000",
    journal = "IEEE Antennas Propagat. Soc. Int. Symp.",
    volume  = "3",
    number  = "2000",
    pages   = "1265--1362"
}

@article{Basu2003,
    author  = "Basu U., Chopra A. K.",
    title   = "Perfectly matched layers for time-harmonic elastodynamics of unbounded domains: theory and finite-element implementation",
    year    = "2003",
    journal = "Computational methods in applied mechanics and engineering",
    volume  = "192",
    pages   = "1337--1375"
}

@article{Basu2004,
    author  = "Basu U., Chopra A. K.",
    title   = "Perfectly matched layers for transient elastodynamics of unbounded domains",
    year    = "2004",
    journal = "International Journal For Numerical Methods in Engineering",
    volume  = "59",
    pages   = "1039--1074"
}

@article{Basu2008,
    author  = "Basu U.",
    title   = "Explicit finite element perfectly matched layer for transient three-dimensional elastic waves",
    year    = "2008",
    journal = "International Journal For Numerical Methods in Engineering",
    volume  = "44",
    pages   = "151--176"
}

@article{Komatitsch,
    author  = "Komatitsch D., Tromp J.",
    title   = "A perfectly matched layer absorbing boundary
condition for the second-order seismic wave equation",
    year    = "2003",
    journal = "Geophysical Journal International",
    volume  = "154",
    pages   = "146--153"
}

@article{Cohen,
    author  = "Cohen G., Fauqueux S.",
    title   = "Mixed spectral finite elements for the linear elasticity
system in unbounded domains",
    year    = "2005",
    journal = "SIAM Journal on Scientific Computing",
    volume  = "26",
    number  = "3",
    pages   = "864--884"
}

@article{Festa,
    author  = "Festa G., Vilotte J.-P.",
    title   = "The Newmark scheme as velocity–stress time-staggering: an efficient PML implementation for spectral element simulations of
elastodynamics",
    year    = "2005",
    journal = "Geophysical Journal International",
    volume  = "161",
    pages   = "789--812"
}

@article{Drossaert1,
    author  = "Drossaert F.H., Giannopoulos A. ",
    title   = "A nonsplit complex frequency-shifted PML
based on recursive integration for FDTD modeling of elastic waves",
    year    = "2007",
    journal = "Geophysics",
    volume  = "72",
    number  = "2",
    pages   = "T9--T17"
}

@article{Drossaert2,
    author  = "Drossaert F.H., Giannopoulos A. ",
    title   = "Complex frequency shifted convolution PML
for FDTD modelling of elastic waves",
    year    = "2007",
    journal = "Wave Motion",
    volume  = "44",
    number  = "7--8",
    pages   = "593--604"
}

@article{Meza,
    author  = "Meza-Fajardo K.C., Papageorgiou A.S.",
    title   = "A nonconvolutional, split-field, perfectly matched layer for wave propagation in isotropic and anisotropic elastic media: stability analysis",
    year    = "2008",
    journal = "Bulletin of the Seismological Society of America",
    volume  = "98",
    number  = "4",
    pages   = "1811--1836"
}

@article{Kucukcoban,
    author  = "Kucukcoban S. , Kallivokas L.F.",
    title   = "Mixed perfectly-matched-layers for direct transient analysis in 2D elastic heterogeneous media",
    year    = "2011",
    journal = "Computational Methods in Applied Mechanics and  Engineering.",
    volume  = "200",
    pages   = "57--76"
}

@article{Kucukcoban2,
    author  = "Kucukcoban S. , Kallivokas L.F.",
    title   = "A symmetric hybrid formulation for transient wave simulations in pml-truncated heterogeneous media",
    year    = "2013",
    journal = "Wave Motion",
    volume  = "50",
    pages   = "57--79"
}

@book{Geradin,
    author  = "Géradin M. and Rixen D.",
    title   = "Mechanical vibrations: Theory and applications to structural dynamics, second edition",
    year    = "1997",
    publisher = "John Wiley and sons"

}


@book{Belytschko,
    author  = "Belytschko T.",
    title   = "Nonlinear finite elements for continua and structures",
    year    = "2013",
    publisher = "Chichester : Wiley"

}

@article{Ling2002,
    author  = "X. Ling, H. P. Cherukuri",
    title   = "Stability analysis of an explicit finite element scheme
for plane wave motions in elastic solids",
    year    = "2002",
    journal = "Computational Mechanics",
    volume  = "29",
    pages   = "430--440"
}

@article{Liu2006,
author = {Ma, Shuo and Liu, Pengcheng},
title = {Modeling of the Perfectly Matched Layer Absorbing Boundaries and Intrinsic Attenuation in Explicit Finite-Element Methods},
journal = {Bulletin of the Seismological Society of America},
volume = {96},
number = {5},
pages = {1779--1794},
year = {2006},
}
@article{Brun2016,
title = "Hybrid Asynchronous Perfectly Matched Layer for seismic wave propagation in unbounded domains",
journal = "Finite Elements in Analysis and Design",
volume = "122",
pages = "1 - 15",
year = "2016",
issn = "0168-874X",
doi = "https://doi.org/10.1016/j.finel.2016.07.006",
url = "http://www.sciencedirect.com/science/article/pii/S0168874X16301457",
author = "Michael Brun and Eliass Zafati and Irini Djeran-Maigre and Florent Prunier",
keywords = "Perfect Matched Layers (PML), Elastic wave, Transient analysis, Subdomain coupling, Hybrid Asynchronous PML"
}